<record><leader>00000cas a22000007a 4500</leader><controlfield tag="001">15012114</controlfield><controlfield tag="008">861224d1968197uinudn ne      0    0eng d</controlfield><datafield ind1=" " ind2=" " tag="010"><subfield code="a">sn 86059221 </subfield></datafield><datafield ind1=" " ind2=" " tag="040"><subfield code="a">NPI</subfield><subfield code="b">eng</subfield><subfield code="c">NPI</subfield><subfield code="d">OCLCQ</subfield></datafield><datafield ind1=" " ind2=" " tag="042"><subfield code="a">msc</subfield></datafield><datafield ind1="0" ind2="4" tag="245"><subfield code="a">The Putnam County daily graphic.</subfield></datafield><datafield ind1="3" ind2="0" tag="246"><subfield code="a">Daily graphic</subfield></datafield><datafield ind1=" " ind2=" " tag="260"><subfield code="a">Greencastle, Ind. :</subfield><subfield code="b">Bob Hamonte,</subfield><subfield code="c">1968-</subfield></datafield><datafield ind1=" " ind2=" " tag="310"><subfield code="a">Daily (except Sun. and holidays)</subfield></datafield><datafield ind1="0" ind2=" " tag="362"><subfield code="a">Vol. 1, no. 1 (Apr. 8, 1968)-v. 77, no. 339 (Jan. 31, 1970).</subfield></datafield><datafield ind1=" " ind2=" " tag="752"><subfield code="a">United States</subfield><subfield code="b">Indiana</subfield><subfield code="c">Putnam</subfield><subfield code="d">Greencastle.</subfield></datafield><datafield ind1="0" ind2="0" tag="780"><subfield code="t">Putnam County graphic</subfield><subfield code="w">(DLC)sn 87055021</subfield></datafield><datafield ind1="0" ind2="7" tag="785"><subfield code="t">Daily banner (Greencastle, Ind.)</subfield><subfield code="w">(DLC)sn 86063074</subfield><subfield code="w">(OCoLC)13105366</subfield></datafield><datafield ind1="0" ind2="7" tag="785"><subfield code="t">Banner graphic</subfield><subfield code="w">(DLC)sn 86059220</subfield></datafield></record>